% This file was created with JabRef 2.9.2.
% Encoding: UTF8

%НИР1

@BOOK{depthMap1,
	title = {3D imaging in the studio and elsewhere},
	publisher = {Proc. SPIE.},
	year = {1994},
	author = {Iddan G.J., Yahav G.},
	pages = {48–55},
}

@BOOK{depthMap2,
	title = {3D analysis and imagebased rendering for immersive TV applications},
	year = {2002},
	author = {Fehn C., Cooke E., Schreer O.},
	pages = {705–715},
}

@ARTICLE{depthMap3,
	publisher ={Котюжанский Л.А.},
	title = {ВЫЧИСЛЕНИЕ КАРТЫ ГЛУБИНЫ СТЕРЕОИЗОБРАЖЕНИЯ НА ГРАФИЧЕСКОМ ПРОЦЕССОРЕ В РЕАЛЬНОМ ВРЕМЕНИ},
	year = {2012},
	pages = {444-449},
	url = {https://www.fundamental-research.ru/ru/article/view?id=30010}
}

@ARTICLE{google,
	publisher ={Google},
	title = {Material Design},
	url = {https://material.io/}
}


%НИР2

@BOOK{Proc,
	title = {Recovery of relative depth from a single observation using an uncalibrated (real-aperture) camera},
	publisher = {CVPR},
	year = {2008},
	author = {V. P. Namboodiri, S. Chaudhuri}
}

@BOOK{Optics,
	title = {Optics (4th Edition)},
	publisher = {Addison Wesley},
	year = {2001},
	author = {E. Hecht}
}

@BOOK{IEEE,
	title = {A computational approach to edge detection},
	publisher = {IEEE Trans.},
	year = {1986},
	pages = {679-698},
	author = {J. Canny}
}

@BOOK{ACM,
	title = {Digital photography with flash and no-flash image pairs},
	publisher = {ACM Trans},
	year = {2004},
	pages = {664-672},
	author = {G. Petschnigg, R. Szeliski}
}

@BOOK{ACM2,
	title = {Colorization using optimization},
	publisher = {ACM Trans},
	year = {2004},
	pages = {689-694},
	author = {A. Levin, D. Lischinski, Y.Weiss}
}

@BOOK{IEEE2,
	title = {closed-form solution to natural image matting},
	publisher = {IEEE Trans.},
	year = {2008},
	pages = {228-242},
	author = {A. Levin, D. Lischinski, Y. Weiss}
}

@ARTICLE{camera,
	title = {Taking Photos},
	url = {https://developer.android.com/training/camera/photobasics.html#TaskPhotoView}
}

%шаблон

@BOOK{shild,
	title = {Java 8. Полное руководство. Девятое издание.},
	publisher = {Вильямс},
	year = {2015},
	author = {Г. Шилдт},
	pages = {1376},
	owner = {oam},
	timestamp = {2011.05.10}
}

@BOOK{siera,
	title = {Изучаем Java},
	publisher = {Эксмо},
	year = {2012},
	author = {К. Сьерра},
	pages = {708},
	owner = {oam},
	timestamp = {2011.05.10}
}

@BOOK{monax,
	title = {Язык программирования Java и среда NetBeans. 2-е издание.},
	publisher = {BHV-СПб},
	year = {2009},
	author = {В. Монахов},
	pages = {702},
	owner = {oam},
	timestamp = {2011.05.10}
}

@BOOK{kotelnikov,
	title = {LaTeX по-русски},
	publisher = {СПб.: Корона-Век },
	year = {2016},
	author = {И. Котельников and П. Чеботаев},
	pages = {496},
	owner = {oam},
}

@BOOK{lvovskiy,
	title = {Набор и вёрстка в системе LaTeX},
	publisher = {М.:  МЦНМО},
	year = {2014},
	author = {С. М. Львовский},
	pages = {398,},
	owner = {oam},
}


@MANUAL{RManual,
  title = {R: A Language and Environment for Statistical Computing},
  author = {{R Development Core Team}},
  organization = {R Foundation for Statistical Computing},
  address = {Vienna, Austria},
  year = {2010},
  langid = {english},
  note = {{ISBN} 3-900051-07-0},
  owner = {oam},
  timestamp = {2011.03.28},
  url = {http://www.R-project.org/}
}

@ARTICLE{SoetaertRJ2010,
  author = {Karline Soetaert and Thomas Petzoldt and R. Woodrow Setzer},
  title = {Solving differential equations in {R}},
  journal = {The R Journal},
  year = {2010},
  volume = {2},
  pages = {5 -- 15},
  number = {2},
  month = {December},
  langid = {english},
  owner = {oam},
  timestamp = {2011.03.28},
  url = {http://journal.r-project.org/archive/2010-2/RJournal_2010-2_Soetaert~et~al.pdf}
}


@comment{jabref-meta: selector_publisher:}

@comment{jabref-meta: selector_author:}

@comment{jabref-meta: selector_journal:}

@comment{jabref-meta: selector_keywords:}

